@inproceedings{van2015substring,
  title={Substring filtering for low-cost Linked Data interfaces},
  author={Van Herwegen, Joachim and De Vocht, Laurens and Verborgh, Ruben and Mannens, Erik and Van de Walle, Rik},
  booktitle={International Semantic Web Conference},
  pages={128--143},
  year={2015},
  url={https://linkeddatafragments.org/publications/iswc2015-substring.pdf},
  organization={Springer}
}
@inproceedings{guasch2022semantic,
  title={Semantic Knowledge Graphs for Distributed Data Spaces: The Public Procurement Pilot Experience},
  author={Guasch, Cecile and Lodi, Giorgia and Dooren, Sander Van},
  booktitle={International Semantic Web Conference},
  pages={753--769},
  year={2022},
  organization={Springer}
}
@inproceedings{vercruysse2022describing,
  title={Describing a network of live datasets with the SDS vocabulary},
  author={Vercruysse, Arthur and Min Oo, Sitt and Colpaert, Pieter},
  booktitle={MEPDaW2022, Managing the Evolution and Preservation of the Data Web},
  pages={1--6},
  year={2022}
}
@inproceedings{taelman_iswc_resources_comunica_2018,
  author    = {Taelman, Ruben and Van Herwegen, Joachim and Vander Sande, Miel and Verborgh, Ruben},
  title     = {Comunica: a Modular SPARQL Query Engine for the Web},
  booktitle = {Proceedings of the 17th International Semantic Web Conference},
  year      = {2018},
  month     = oct,
  url       = {https://comunica.github.io/Article-ISWC2018-Resource/}
}
@inproceedings{van2022publishing,
  title={Publishing Cultural Heritage Collections of Ghent with Linked Data Event Streams},
  author={Van de Vyvere, Brecht and D’Huynslager, Olivier Van and Atauil, Achraf and Segers, Maarten and Van Campe, Leen and Vandekeybus, Niels and Teugels, Sofie and Saenko, Alina and Pauwels, Pieter-Jan and Colpaert, Pieter},
  booktitle={Research Conference on Metadata and Semantics Research},
  pages={357--369},
  year={2022},
  organization={Springer}
}
@article{rojas2022publishing,
  title={Publishing planned, live and historical public transport data on the Web with the Linked Connections framework},
  author={Rojas, Juli{\'a}n Andr{\'e}s and Delva, Harm and Colpaert, Pieter and Verborgh, Ruben},
  journal={Semantic Web},
  year={2022}
}
@inproceedings{lonneville2021publishing,
  title={Publishing the Marine Regions Gazetteer as a Linked Data Event Stream.},
  author={Lonneville, Britt and Delva, Harm and Portier, Marc and Van Maldeghem, Laurian and Schepers, Lennert and Bakeev, Dias and Vanhoorne, Bart and Tyberghein, Lennert and Colpaert, Pieter},
  booktitle={JOWO},
  year={2021}
}
@inproceedings{ldes,
  title={Publishing base registries as linked data event streams},
  author={Van Lancker, Dwight and Colpaert, Pieter and Delva, Harm and Van de Vyvere, Brecht and Mel{\'e}ndez, Juli{\'a}n Rojas and Dedecker, Ruben and Michiels, Philippe and Buyle, Raf and De Craene, Annelies and Verborgh, Ruben},
  booktitle={International Conference on Web Engineering},
  pages={28--36},
  year={2021},
  organization={Springer}
}
@inproceedings{delva2019client,
  title={Client-side route planning: preprocessing the OpenStreetMap road network for routable tiles},
  author={Delva, Harm and Rojas Melendez, Julian Andres and Abelshausen, Ben and Colpaert, Pieter and Verborgh, Ruben},
  booktitle={Academic Track, State of the Map 2019},
  pages={23--24},
  year={2019}
}
@inproceedings{dedecker2021file,
  title={A file-based linked data fragments approach to prefix search},
  author={Dedecker, Ruben and Delva, Harm and Colpaert, Pieter and Verborgh, Ruben},
  booktitle={International Conference on Web Engineering},
  pages={53--67},
  year={2021},
  organization={Springer}
}
@article{semanticweb,
  title = {The semantic web},
  author = {Berners-Lee, Tim and Hendler, James and Lassila, Ora and others},
  journal = {Scientific American},
  volume = {284},
  number = {5},
  pages = {28--37},
  year = {2001},
  publisher = {New York, NY, USA:}
}
@inproceedings{mihindukulasooriyadescribing,
  title={Describing Linked Data Platform Applications with the Hydra Core Vocabulary},
  author={Mihindukulasooriya, Nandana and Garc{\i}a-Castro, Ra{\'u}l},
  url={https://pdfs.semanticscholar.org/4e77/37fff638f89260286d5dbe1a1adf0fc17cc7.pdf},
  booktitle={{Proceedings of the Third Workshop on Services and Applications over Linked APIs and Data co-located with the 12th Extended Semantic Web Conference (ESWC 2015)}},
  year=2015
}
@inproceedings{vander2015opportunistic,
  title={Opportunistic Linked Data querying through approximate membership metadata},
  author={Vander Sande, Miel and Verborgh, Ruben and Van Herwegen, Joachim and Mannens, Erik and Van de Walle, Rik},
  booktitle={ISWC},
  pages={92--110},
  year={2015},
  organization={Springer}
}
@article{lov,
  title={{Linked Open Vocabularies (LOV): a gateway to reusable semantic vocabularies on the Web}},
  author={Vandenbussche, Pierre-Yves and Atemezing, Ghislain A and Poveda-Villalón, María and Vatant, Bernard},
  journal={Semantic Web},
  volume={8},
  number={3},
  pages={437--452},
  year={2017},
  publisher={IOS Press}
}
@inproceedings{mdi,
  title={Multidimensional interfaces for selecting data within ordinal ranges},
  author={Taelman, Ruben and Colpaert, Pieter and Verborgh, Ruben and Mannens, Erik},
  booktitle={Proceedings of the 7th International Workshop on Consuming Linked Data co-located with 15th International Semantic Web Conference (ISWC 2015)},
  year={2016}
}
@inproceedings{comunica,
  title={Comunica: a modular SPARQL query engine for the web},
  author={Taelman, Ruben and Van Herwegen, Joachim and Vander Sande, Miel and Verborgh, Ruben},
  booktitle={ISWC},
  pages={239--255},
  year={2018},
  organization={Springer},
  url={http://comunica.linkeddatafragments.org/}
}
@article{cai2016survey,
  title={A survey of query auto completion in information retrieval},
  author={Cai, Fei and De Rijke, Maarten and others},
  journal={Foundations and Trends in Information Retrieval},
  volume={10},
  number={4},
  pages={273--363},
  year={2016},
  publisher={Now Publishers, Inc.},
  url={https://staff.fnwi.uva.nl/m.derijke/wp-content/papercite-data/pdf/cai-survey-2016.pdf}
  
}
@inproceedings{vanherwegen_iswc_2015,
  author = {Van Herwegen, Joachim and De Vocht, Laurens and Verborgh, Ruben and Mannens, Erik and Van de Walle, Rik},
  title = {Substring Filtering for Low-Cost {Linked Data} Interfaces},
  booktitle = {Proceedings of the 14th ISWC},
  editor = {Arenas, Marcelo and Corcho, Oscar and Simperl, Elena and Strohmaier, Markus and d'Aquin, Mathieu and Srinivas, Kavitha and Groth, Paul and Dumontier, Michel and Heflin, Jeff and Thirunarayan, Krishnaprasad and Staab, Steffen},
  publisher = {Springer},
  series = {Lecture Notes in Computer Science},
  volume = 9366,
  pages = {128--143},
  year = 2015,
  month = oct,
  url = {https://linkeddatafragments.org/publications/iswc2015-substring.pdf},
}
@inproceedings{lanthaler2013creating,
  title={Creating 3rd generation web APIs with hydra},
  author={Lanthaler, Markus},
  booktitle={{Proceedings of the 22nd International Conference on World Wide Web}},
  pages={35--38},
  year={2013},
  organization={Citeseer}
}
@inproceedings{hartig2009executing,
  title={Executing SPARQL queries over the web of linked data},
  author={Hartig, Olaf and Bizer, Christian and Freytag, Johann-Christoph},
  booktitle={ISWC},
  pages={293--309},
  year={2009},
  organization={Springer}
}
@inproceedings{minier2019sage,
  title={SaGe: Web Preemption for Public SPARQL Query Services},
  author={Minier, Thomas and Skaf-Molli, Hala and Molli, Pascal},
  booktitle={The World Wide Web Conference},
  pages={1268--1278},
  year={2019},
  organization={ACM}
}
@article{vander2018toward,
  title={Toward sustainable publishing and querying of distributed Linked Data archives},
  author={Vander Sande, Miel and Verborgh, Ruben and Hochstenbach, Patrick and Van de Sompel, Herbert},
  journal={Journal of Documentation},
  volume={74},
  number={1},
  pages={195--222},
  year={2018},
  publisher={Emerald Publishing Limited}
}
@inproceedings{colpaert2017public,
  title={Public transit route planning through lightweight linked data interfaces},
  author={Colpaert, Pieter and Verborgh, Ruben and Mannens, Erik},
  booktitle={ICWE},
  pages={403--411},
  year={2017},
  organization={Springer}
}
@inproceedings{hartig_odbase_2016,
  author = {Hartig, Olaf and Buil-Aranda, Carlos},
  editor = {Debruyne, Christophe and Panetto, Herv{\'e} and Meersman, Robert and Dillon, Tharam and K{\"u}hn, eva and O'Sullivan, Declan and Ardagna, Claudio Agostino},
  title = {Bindings-Restricted Triple Pattern Fragments},
  booktitle = {Proceedings of the 15th International Conference on Ontologies, DataBases, and Applications of Semantics},
  year = 2016,
  publisher = {Springer},
  pages = {762--779},
  isbn = {978-3-319-48472-3},
  doi = {10.1007/978-3-319-48472-3_48},
  url = {https://arxiv.org/pdf/1608.08148.pdf},
}
@article{verborgh_jws_2016,
  title = {{Triple Pattern Fragments:} a Low-cost Knowledge Graph Interface for the {Web}},
  author = {Verborgh, Ruben and Vander Sande, Miel and Hartig, Olaf and Van Herwegen, Joachim and De Vocht, Laurens and De Meester, Ben and Haesendonck, Gerald and Colpaert, Pieter},
  journal = {Journal of Web Semantics},
  month = mar,
  year = 2016,
  volume = {37--38},
  pages = {184--206},
  issn = {1570-8268},
  doi = {doi:10.1016/j.websem.2016.03.003},
  url = {http://linkeddatafragments.org/publications/jws2016.pdf},
}
